<record><leader>00000cas a2200000 a 4500</leader><controlfield tag="001">11171062</controlfield><controlfield tag="008">840919d18731920inucr ne      0    0eng c</controlfield><datafield ind1=" " ind2=" " tag="010"><subfield code="a">sn 84037981 </subfield></datafield><datafield ind1=" " ind2=" " tag="040"><subfield code="a">NPX</subfield><subfield code="b">eng</subfield><subfield code="c">NPX</subfield><subfield code="d">NPI</subfield><subfield code="d">OCLCQ</subfield><subfield code="d">IUL</subfield><subfield code="d">OCLCF</subfield></datafield><datafield ind1=" " ind2=" " tag="042"><subfield code="a">pcc</subfield></datafield><datafield ind1=" " ind2=" " tag="043"><subfield code="a">n-us-in</subfield></datafield><datafield ind1="0" ind2="0" tag="245"><subfield code="a">North Manchester journal.</subfield></datafield><datafield ind1=" " ind2=" " tag="260"><subfield code="a">North Manchester, Ind. :</subfield><subfield code="b">Kist &amp; Beauchamp</subfield></datafield><datafield ind1=" " ind2=" " tag="300"><subfield code="a">volumes</subfield></datafield><datafield ind1=" " ind2=" " tag="310"><subfield code="a">Semiweekly</subfield></datafield><datafield ind1=" " ind2=" " tag="321"><subfield code="a">Weekly</subfield></datafield><datafield ind1="1" ind2=" " tag="362"><subfield code="a">Began in 1873.</subfield></datafield><datafield ind1=" " ind2=" " tag="500"><subfield code="a">Published by: Hopkins and Argerbright, &lt;-January 26, 1882&gt;; by: S.V. Hopkins, February 2, 1882-</subfield></datafield><datafield ind1=" " ind2=" " tag="588"><subfield code="a">Description based on: Vol. 2, no. 17 (Aug. 25, 1876); title from masthead.</subfield></datafield><datafield ind1=" " ind2=" " tag="588"><subfield code="a">Latest issue consulted: Vol. XIX, no. 52 (April 19, 1894); U.S. Newspaper Archive (viewed May 24, 2017)</subfield></datafield><datafield ind1=" " ind2="0" tag="651"><subfield code="a">North Manchester (Ind.)</subfield><subfield code="v">Newspapers.</subfield></datafield><datafield ind1=" " ind2="0" tag="651"><subfield code="a">Wabash County (Ind.)</subfield><subfield code="v">Newspapers.</subfield></datafield><datafield ind1=" " ind2="7" tag="655"><subfield code="a">Newspapers.</subfield><subfield code="2">fast</subfield><subfield code="0">(OCoLC)fst01423814</subfield></datafield><datafield ind1=" " ind2="7" tag="651"><subfield code="a">Indiana</subfield><subfield code="z">North Manchester.</subfield><subfield code="2">fast</subfield><subfield code="0">(OCoLC)fst01238536</subfield></datafield><datafield ind1=" " ind2="7" tag="651"><subfield code="a">Indiana</subfield><subfield code="z">Wabash County.</subfield><subfield code="2">fast</subfield><subfield code="0">(OCoLC)fst01218140</subfield></datafield><datafield ind1=" " ind2=" " tag="752"><subfield code="a">United States</subfield><subfield code="b">Indiana</subfield><subfield code="c">Wabash</subfield><subfield code="d">North Manchester.</subfield></datafield><datafield ind1="0" ind2="5" tag="780"><subfield code="t">North Manchester tribune</subfield><subfield code="w">(DLC)sn 87056766</subfield><subfield code="w">(OCoLC)16786851</subfield></datafield><datafield ind1="0" ind2="7" tag="785"><subfield code="t">North Manchester news</subfield><subfield code="w">(DLC)sn 87056663</subfield><subfield code="w">(OCoLC)16786789</subfield></datafield><datafield ind1="0" ind2="7" tag="785"><subfield code="t">News-journal (North Manchester, Ind.)</subfield><subfield code="w">(DLC)sn 87055472</subfield><subfield code="w">(OCoLC)15295438</subfield></datafield><datafield ind1="4" ind2="1" tag="856"><subfield code="u">https://access.newspaperarchive.com/us/indiana/wabash/wabash-north-manchester-journal/</subfield></datafield><datafield ind1="4" ind2="1" tag="856"><subfield code="u">https://access.newspaperarchive.com/us/indiana/north-manchester/north-manchester-journal/</subfield></datafield></record>